@article{ciarlet72gal,
  title={General Lagrange and Hermite interpolation in R n with applications to finite element methods},
  author={Ciarlet, Philippe G and Raviart, PA},
  journal={Archive for Rational Mechanics and Analysis},
  volume={46},
  number={3},
  pages={177--199},
  year={1972},
  publisher={Springer}
}

@book{necas67mthd,
  title={Les m{\'e}thodes directes en th{\'e}orie des {\'e}quations elliptiques},
  author={Ne{\v{c}}as, J.},
  lccn={67121767},
  url={http://books.google.fr/books?id=BD7vAAAAMAAJ},
  year={1967},
  publisher={Academia}
}

@book{arcang04multidim,
  title={Multidimensional Minimizing Splines: Theory and Applications},
  author={Arcang{\'e}li, R. and de Silanes, M.C.L. and Torrens, J.J.},
  isbn={9781402077869},
  lccn={2004051671},
  series={Grenoble Sciences},
  url={http://books.google.fr/books?id=zNQ71sIBAcoC},
  year={2004},
  publisher={Springer}
}
