@article{expressAIEPrevi,
author={AFP},
title={Pétrole : l'\textsc{AIE} maintient sa prévision sur la demande en 2015 malgr\'{e} la baisse des prix},
journal={L'Express},
year={2015},
URL={http://lentreprise.lexpress.fr/actualites/1/actualites/petrole-l-aie-maintient-sa-prevision-sur-la-demande-en-2015-malgre-la-baisse-des-prix_1641446.html},
}

@techreport{rapSenat,
author={Joseph \bsc{Kergueris}, Claude \bsc{Saunier}}, 
title={La hausse des prix du pétrole : une fatalité ou le retour du politique}, 
institution={Sénat Français}, 
year={2005},
}

@article{IFPEnerNvlles,
author={},
title={Les réserves de pétrole},
journal={IFP Énergies Nouvelles},
year={2013},
URL={http://www.ifpenergiesnouvelles.fr/Espace-Decouverte/Tous-les-Zooms/Les-reserves-de-petrole},
}

@book{simmons2005twilight,
  title={Twilight in the Desert: The Coming Saudi Oil Shock and the World Economy},
  author={Simmons, M.R.},
  isbn={9780471738763},
  lccn={2005006852},
  url={https://books.google.fr/books?id=Qh6uNAEACAAJ},
  year={2005},
  publisher={Wiley}
}

@article{rvnuAIENnO,
author={},
title={Pétrole: prévision de demande maintenue en 2015, production non-Opep un peu moins vigoureuse},
journal={Le Revenu},
year={2015},
URL={http://www.lerevenu.com/breves/petrole-prevision-de-demande-maintenue-en-2015-production-non-opep-un-peu-moins-vigoureuse},
}

@article{mndOpepPression,
author={},
title={Pétrole : l’Opep met la pression sur les autres pays producteurs},
journal={Le Monde},
year={2014},
URL={http://www.lemonde.fr/economie/article/2014/12/22/petrole-l-opep-met-la-pression-sur-les-pays-non-membres-de-l-opep_4544591_3234.html},
}

@misc{wikiSchiste,
   author = "Wikipedia",
   title = "Pétrole de schiste",
   year = "2015",
   url = "\url{http://fr.wikipedia.org/wiki/P%C3%A9trole_de_schiste#Notes_et_r.C3.A9f.C3.A9rences}",
   note = "[En ligne; vu le 3/03/15]"
 }

@article{ArabCleJeu,
author={Anne Eveno},
title={Dans la chute des cours du pétrole, l’Arabie Saoudite détient les clés du jeu},
journal={Le Monde},
year={2014},
URL={http://www.lemonde.fr/economie/article/2014/10/16/dans-la-chute-des-cours-du-petrole-l-arabie-saoudite-detient-les-cles-du-jeu_4506924_3234.html},
}

@article{rfiASblokIran,
author={Claire Fages},
title={Arbitre du marché pétrolier, l'Arabie saoudite veut bloquer l'Iran},
journal={RFI},
year={2014},
URL={http://www.rfi.fr/emission/20141218-arbitre-marche-petrolier-arabie-saoudite-veut-bloquer-iran/},
}


@article{mndGagnPerd,
author={Anne Eveno, Jean-Michel Bezat},
title={Pétrole : les gagnants et les perdants de la chute des cours},
journal={Le Monde},
year={2014},
URL={http://www.lemonde.fr/economie/article/2014/11/28/petrole-les-gagnants-et-les-perdants-de-la-chute-des-cours_4531148_3234.html},
}

@article{CourInterAngola,
author={Hugo Dos Santos},
title={Chute du prix du pétrole : l'Angola au bord de la crise de nerfs},
journal={Courrier International},
year={2015},
URL={http://www.courrierinternational.com/article/2015/02/06/chute-du-prix-du-petrole-l-angola-au-bord-de-la-crise-de-nerfs},
}

@article{rfiOpepDiv,
author={},
title={Economie: à Vienne, l’Opep va devoir surmonter ses divisions},
journal={RFI},
year={2014},
URL={http://www.rfi.fr/europe/20141127-chute-cours-petrole-opep-divisee-politique-mener-qatar-arabie-saoudite-koweit/},
}
