@article{ciarlet72gal,
  title={General Lagrange and Hermite interpolation in R n with applications to finite element methods},
  author={Ciarlet, Philippe G and Raviart, PA},
  journal={Archive for Rational Mechanics and Analysis},
  volume={46},
  number={3},
  pages={177--199},
  year={1972},
  publisher={Springer}
}

@book{necas67mthd,
  title={Les m{\'e}thodes directes en th{\'e}orie des {\'e}quations elliptiques},
  author={Ne{\v{c}}as, J.},
  lccn={67121767},
  url={http://books.google.fr/books?id=BD7vAAAAMAAJ},
  year={1967},
  publisher={Academia}
}

@book{arcang04multidim,
  title={Multidimensional Minimizing Splines: Theory and Applications},
  author={Arcang{\'e}li, R. and de Silanes, M.C.L. and Torrens, J.J.},
  isbn={9781402077869},
  lccn={2004051671},
  series={Grenoble Sciences},
  url={http://books.google.fr/books?id=zNQ71sIBAcoC},
  year={2004},
  publisher={Springer}
}

@article{Duchon76,
author = {Duchon, Jean},
journal = {ESAIM: Mathematical Modelling and Numerical Analysis - Modélisation Mathématique et Analyse Numérique},
language = {fre},
number = {R3},
pages = {5-12},
publisher = {EDP Sciences},
title = {Interpolation des fonctions de deux variables suivant le principe de la flexion des plaques minces},
url = {http://eudml.org/doc/193284},
volume = {10},
year = {1976},
}

@book{gout97etude,
  title={Etude de changements d'{\'e}chelle en approximation: Ajustement spline sur des surfaces},
  author={Gout, C.},
  url={http://books.google.fr/books?id=rB\_mtgAACAAJ},
  year={1997}
}

@book{arcang89Applic,
  title={Some applications of discrete $D^m$-Splines dans Mathematical Methods in Computer Aided Geometric Design},
  author={R. Arcangéli},
  isbn={9781483257808},
  url={http://books.google.fr/books?id=wJriBQAAQBAJ},
  year={2014},
  publisher={Elsevier Science}
}
