@book{snyd,
  title={Optical Waveguide Theory},
  author={Snyder, A.W. and Love, J.},
  isbn={9780412099502},
  lccn={lc83007463},
  series={Science paperbacks},
  url={http://books.google.fr/books?id=gIQB\_hzB0SMC},
  year={1983},
  publisher={Springer}
}

@book{engl96regu,
  title={Regularization of Inverse Problems},
  author={Engl, H.W. and Hanke, M. and Neubauer, A.},
  isbn={9780792341574},
  lccn={lc96028672},
  series={Mathematics and Its Applications},
  url={http://books.google.fr/books?id=2bzgmMv5EVcC},
  year={1996},
  publisher={Springer}
}
